%% This BibTeX bibliography file was created using BibDesk.
%% http://bibdesk.sourceforge.net/

%% Created for Cesar B. Rocha at 2016-06-09 19:40:34 -0700 


%% Saved with string encoding Unicode (UTF-8) 



@article{roemmich_gilson2009,
	Author = {Roemmich, Dean and Gilson, John},
	Date-Added = {2016-06-10 02:40:03 +0000},
	Date-Modified = {2016-06-10 02:40:34 +0000},
	Journal = {Progress in Oceanography},
	Number = {2},
	Pages = {81--100},
	Publisher = {Elsevier},
	Title = {The 2004--2008 mean and annual cycle of temperature, salinity, and steric height in the global ocean from the Argo Program},
	Volume = {82},
	Year = {2009}}

@article{qi_etal1995,
	Author = {Qi, Hongbo and De Szoeke, Roland A and Paulson, Clayton A and Eriksen, Charles C},
	Date-Added = {2016-06-09 08:07:07 +0000},
	Date-Modified = {2016-06-09 08:12:19 +0000},
	Journal = {Journal of Physical Oceanography},
	Pages = {2853-2871},
	Publisher = {American Meteorological Society},
	Title = {The structure of near-inertial waves during ocean storms},
	Volume = {25},
	Year = {1995}}

@article{alford2003,
	Author = {Alford, Matthew H},
	Date-Added = {2016-06-09 07:54:38 +0000},
	Date-Modified = {2016-06-09 07:57:35 +0000},
	Journal = {Nature},
	Number = {6936},
	Pages = {159--162},
	Publisher = {Nature Publishing Group},
	Title = {Redistribution of energy available for ocean mixing by long-range propagation of internal waves},
	Volume = {423},
	Year = {2003}}

@article{dasaro1978,
	Author = {D'Asaro, Eric A},
	Date-Added = {2016-06-09 02:55:56 +0000},
	Date-Modified = {2016-06-09 02:56:16 +0000},
	Journal = {Journal of Geophysical Research: Oceans},
	Number = {C5},
	Pages = {2437--2438},
	Publisher = {Wiley Online Library},
	Title = {Mixed layer velocities induced by internal waves},
	Volume = {83},
	Year = {1978}}

@inproceedings{mcwilliams2016,
	Author = {McWilliams, James C},
	Booktitle = {Proc. R. Soc. A},
	Date-Added = {2016-06-05 20:30:13 +0000},
	Date-Modified = {2016-06-05 20:30:44 +0000},
	Number = {2189},
	Organization = {The Royal Society},
	Pages = {20160117},
	Title = {Submesoscale currents in the ocean},
	Volume = {472},
	Year = {2016}}

@article{capet_etal2008a,
	Author = {Capet, XAVIER and McWilliams, JAMES C and Molemaker, M JEROEN and Shchepetkin, AF},
	Date-Added = {2016-06-05 20:29:38 +0000},
	Date-Modified = {2016-06-05 20:30:32 +0000},
	Journal = {Journal of Physical Oceanography},
	Number = {1},
	Pages = {29--43},
	Title = {Mesoscale to submesoscale transition in the California Current System. Part I: Flow structure, eddy flux, and observational tests},
	Volume = {38},
	Year = {2008}}

@article{shcherbina_etal2013,
	Author = {Shcherbina, Andrey Y and D'Asaro, Eric A and Lee, Craig M and Klymak, Jody M and Molemaker, M Jeroen and McWilliams, James C},
	Date-Added = {2016-06-05 20:27:24 +0000},
	Date-Modified = {2016-06-05 20:31:01 +0000},
	Journal = {Geophysical Research Letters},
	Number = {17},
	Pages = {4706--4711},
	Publisher = {Wiley Online Library},
	Title = {Statistics of vertical vorticity, divergence, and strain in a developed submesoscale turbulence field},
	Volume = {40},
	Year = {2013}}

@article{richman_etal2012,
	Author = {Richman, James G and Arbic, Brian K and Shriver, Jay F and Metzger, E Joseph and Wallcraft, Alan J},
	Date-Added = {2016-05-09 07:07:38 +0000},
	Date-Modified = {2016-05-09 07:07:51 +0000},
	Journal = {Journal of Geophysical Research: Oceans},
	Number = {C12},
	Publisher = {Wiley Online Library},
	Title = {Inferring dynamics from the wavenumber spectra of an eddying global ocean model with embedded tides},
	Volume = {117},
	Year = {2012}}

@article{forget_etal2015,
	Author = {Forget, GAEL and Campin, J-M and Heimbach, P and Hill, CN and Ponte, RM and Wunsch, C},
	Date-Added = {2016-05-08 02:37:48 +0000},
	Date-Modified = {2016-05-08 02:39:17 +0000},
	Journal = {Geosci. Model Dev.},
	Pages = {3071--3104},
	Publisher = {Copernicus GmbH},
	Title = {ECCO version 4: an integrated framework for non-linear inverse modeling and global ocean state estimation},
	Volume = {8},
	Year = {2015}}

@article{buhler_etal2014,
	Author = {B{\"u}hler, Oliver and Callies, J{\"o}rn and Ferrari, Raffaele},
	Date-Added = {2016-05-07 23:55:32 +0000},
	Date-Modified = {2016-05-07 23:55:45 +0000},
	Journal = {Journal of Fluid Mechanics},
	Pages = {1007--1026},
	Publisher = {Cambridge Univ Press},
	Title = {Wave--vortex decomposition of one-dimensional ship-track data},
	Volume = {756},
	Year = {2014}}

@article{rocha_etal2016,
	Author = {Rocha, Cesar B and Chereskin, Teresa K and Gille, Sarah T and Menemenlis, Dimitris},
	Date-Added = {2016-05-07 23:52:11 +0000},
	Date-Modified = {2016-05-07 23:54:27 +0000},
	Journal = {Journal of Physical Oceanography},
	Pages = {601-620},
	Title = {Mesoscale to submesoscale wavenumber spectra in Drake Passage},
	Volume = {46},
	Year = {2016}}

@article{buckingham_etal2016,
	Author = {Buckingham, Christian E and Naveira Garabato, Alberto C and Thompson, Andrew F and Brannigan, Liam and Lazar, Ayah and Marshall, David P and George Nurser, AJ and Damerell, Gillian and Heywood, Karen J and Belcher, Stephen E},
	Date-Added = {2016-05-03 03:24:06 +0000},
	Date-Modified = {2016-05-03 03:24:16 +0000},
	Journal = {Geophysical Research Letters},
	Number = {5},
	Pages = {2118--2126},
	Publisher = {Wiley Online Library},
	Title = {Seasonality of submesoscale flows in the ocean surface boundary layer},
	Volume = {43},
	Year = {2016}}

@article{thompson_etal2016,
	Author = {Thompson, Andrew F and Lazar, Ayah and Buckingham, Christian and Naveira Garabato, Alberto C and Damerell, Gillian M and Heywood, Karen J},
	Date-Added = {2016-05-03 01:05:08 +0000},
	Date-Modified = {2016-05-03 01:05:22 +0000},
	Journal = {Journal of Physical Oceanography},
	Number = {4},
	Pages = {1285--1307},
	Title = {Open-ocean submesoscale motions: A full seasonal cycle of mixed layer instabilities from gliders},
	Volume = {46},
	Year = {2016}}

@article{callies_etal2016,
	Author = {Callies, J{\"o}rn and Flierl, Glenn and Ferrari, Raffaele and Fox-Kemper, Baylor},
	Date-Added = {2016-05-03 00:54:55 +0000},
	Date-Modified = {2016-05-03 00:55:05 +0000},
	Journal = {Journal of Fluid Mechanics},
	Pages = {5--41},
	Publisher = {Cambridge Univ Press},
	Title = {The role of mixed-layer instabilities in submesoscale turbulence},
	Volume = {788},
	Year = {2016}}

@article{callies_etal2015,
	Author = {Callies, J{\"o}rn and Ferrari, Raffaele and Klymak, Jody M and Gula, Jonathan},
	Date-Added = {2016-05-03 00:09:26 +0000},
	Date-Modified = {2016-05-03 00:09:35 +0000},
	Journal = {Nature communications},
	Publisher = {Nature Publishing Group},
	Title = {Seasonality in submesoscale turbulence},
	Volume = {6},
	Year = {2015}}

@article{qiu_etal2014,
	Author = {Qiu, Bo and Chen, Shuiming and Klein, Patrice and Sasaki, Hideharu and Sasai, Yoshikazu},
	Date-Added = {2016-05-03 00:08:16 +0000},
	Date-Modified = {2016-05-03 00:09:46 +0000},
	Journal = {Journal of Physical Oceanography},
	Number = {12},
	Pages = {3079--3098},
	Title = {Seasonal mesoscale and submesoscale eddy variability along the North Pacific Subtropical Countercurrent},
	Volume = {44},
	Year = {2014}}

@article{sasaki_etal2014,
	Author = {Sasaki, Hideharu and Klein, Patrice and Qiu, Bo and Sasai, Yoshikazu},
	Date-Added = {2016-05-03 00:07:25 +0000},
	Date-Modified = {2016-05-03 00:09:53 +0000},
	Journal = {Nature communications},
	Publisher = {Nature Publishing Group},
	Title = {Impact of oceanic-scale interactions on the seasonal modulation of ocean dynamics by the atmosphere},
	Volume = {5},
	Year = {2014}}
